{
  "leader": "00906nmm a2200253 ca4500",
  "fields": [
    {
      "001": "858092093"
    },
    {
      "003": "DE-601"
    },
    {
      "005": "20160502164752.0"
    },
    {
      "007": "cu\\uuu---uuuuu"
    },
    {
      "008": "160502m20169999gw\\\\\\\\\\\\o\\\\\\\\\\000\\0\\eng\\d"
    },
    {
      "035": {
        "ind1": "\\",
        "ind2": "\\",
        "subfields": [
          {
            "a": "(DE-599)GBV858092093"
          }
        ]
      }
    },
    {
      "040": {
        "ind1": "\\",
        "ind2": "\\",
        "subfields": [
          {
            "b": "ger"
          },
          {
            "c": "GBVCP"
          },
          {
            "e": "rda"
          }
        ]
      }
    },
    {
      "041": {
        "ind1": "0",
        "ind2": "\\",
        "subfields": [
          {
            "a": "eng"
          }
        ]
      }
    },
    {
      "100": {
        "ind1": "1",
        "ind2": "\\",
        "subfields": [
          {
            "a": "Ris, Robert"
          },
          {
            "e": "VerfasserIn"
          },
          {
            "4": "aut"
          },
          {
            "0": "(DE-601)778649407"
          },
          {
            "0": "(DE-588)1047595397"
          }
        ]
      }
    },
    {
      "245": {
        "ind1": "1",
        "ind2": "4",
        "subfields": [
          {
            "a": "The chess player’s mating guide"
          },
          {
            "h": "Computer Datei"
          },
          {
            "c": "Robert Ris"
          }
        ]
      }
    },
    {
      "264": {
        "ind1": "3",
        "ind2": "1",
        "subfields": [
          {
            "a": "Hamburg"
          },
          {
            "b": "Chessbase GmbH"
          },
          {
            "c": "[2016]-"
          }
        ]
      }
    },
    {
      "336": {
        "ind1": "\\",
        "ind2": "\\",
        "subfields": [
          {
            "a": "Computerprogramm"
          },
          {
            "b": "cop"
          },
          {
            "2": "rdacontent"
          }
        ]
      }
    },
    {
      "337": {
        "ind1": "\\",
        "ind2": "\\",
        "subfields": [
          {
            "a": "Computermedien"
          },
          {
            "b": "c"
          },
          {
            "2": "rdamedia"
          }
        ]
      }
    },
    {
      "338": {
        "ind1": "\\",
        "ind2": "\\",
        "subfields": [
          {
            "a": "Computerdisk"
          },
          {
            "b": "cd"
          },
          {
            "2": "rdacarrier"
          }
        ]
      }
    },
    {
      "490": {
        "ind1": "0",
        "ind2": "\\",
        "subfields": [
          {
            "a": "Fritztrainer"
          },
          {
            "a": "Tactics"
          }
        ]
      }
    },
    {
      "655": {
        "ind1": "0",
        "ind2": "7",
        "subfields": [
          {
            "0": "(DE-588)4585131-1"
          },
          {
            "a": "DVD-ROM"
          },
          {
            "2": "gnd-carrier"
          }
        ]
      }
    },
    {
      "710": {
        "ind1": "2",
        "ind2": "\\",
        "subfields": [
          {
            "a": "ChessBase GmbH"
          },
          {
            "g": "Hamburg"
          },
          {
            "e": "Verlag"
          },
          {
            "4": "pbl"
          },
          {
            "0": "(DE-601)269520015"
          },
          {
            "0": "(DE-588)2177108-X"
          }
        ]
      }
    },
    {
      "900": {
        "ind1": "\\",
        "ind2": "\\",
        "subfields": [
          {
            "a": "GBV"
          },
          {
            "b": "SUB+Uni Hamburg <18>"
          }
        ]
      }
    },
    {
      "954": {
        "ind1": "\\",
        "ind2": "\\",
        "subfields": [
          {
            "0": "SUB+Uni Hamburg <18>"
          },
          {
            "a": "22"
          },
          {
            "b": "1613697813"
          },
          {
            "c": "01"
          },
          {
            "x": "0018"
          }
        ]
      }
    }
  ]
}
